<collection xmlns="http://www.loc.gov/MARC21/slim">
<record>
  <leader>00363na 0a22001211i 450 </leader>
  <controlfield tag="001">IT\ICCU\CNCE\054628</controlfield>
  <controlfield tag="005">20031112000000.0</controlfield>
  <datafield tag="100" ind1=" " ind2=" ">
    <subfield code="a">20031103             0itac0103    ba</subfield>
  </datafield>
  <datafield tag="101" ind1=" " ind2=" ">
    <subfield code="a">LAT</subfield>
  </datafield>
  <datafield tag="200" ind1="1" ind2=" ">
    <subfield code="a">Homiliae</subfield>
  </datafield>
  <datafield tag="700" ind1=" " ind2="0">
    <subfield code="a">Maximus</subfield>
    <subfield code="c"> : Taurinensis</subfield>
    <subfield code="3">IT\ICCU\CNCA\017012</subfield>
  </datafield>
  <datafield tag="790" ind1=" " ind2="0">
    <subfield code="a">Massimo</subfield>
    <subfield code="c"> : di#Torino</subfield>
    <subfield code="3">IT\ICCU\CNCA\021160</subfield>
    <subfield code="z">Maximus : Taurinensis</subfield>
  </datafield>
  <datafield tag="801" ind1=" " ind2="3">
    <subfield code="a">IT</subfield>
    <subfield code="b">ICCU</subfield>
    <subfield code="c">20201115</subfield>
  </datafield>
</record>
</collection>
